@article{SCE,
    title={Solar Cells extension - Hydrogen Electrolyser and Fuel Cell instructions},
    author={Department of Physics: University of Southampton},
    pages={2--5}
    }